@article{Barnston1987,
author = {Barnston, Anthony G. and Livezey, Robert E.},
title = {Classification, Seasonality and Persistence of Low-Frequency Atmospheric Circulation Patterns},
journal = {Mon. Wea. Rev.},
volume = {115},
number = {6},
pages = {1083-1126},
year = {1987},
doi = {10.1175/1520-0493(1987)115<1083:CSAPOL>2.0.CO;2},
}

@article{Coufal2017,
author = {Coufal, D. and Jakub√≠k, J. and Jajcay, N. and Hlinka, J. and Krakovsk\'a, A. and Palu\v{s}, M.},
title = {Detection of coupling delay: A problem not yet solved},
journal = {Chaos},
volume = {27},
number = {8},
pages = {083109},
year = {2017},
doi = {10.1063/1.4997757},
}


@article{Granger1969,
	Author = {C. W. J. Granger},
	Journal = {Econometrica},
	Number = {3},
	Pages = {424--438},
	Title = {Investigating Causal Relations by Econometric Models and Cross-spectral Methods},
	Volume = {37},
	Year = {1969}}




@article{ZouPR2018, 
author = {Zou, Y. and Donner, R. V. and Marwan, N. and Donges, J. F. and Kurths, J.}, 
title  = {Complex network approaches to nonlinear time series analysis}, 
journal = {Physics Reports}, 
year="2019",
volume="787",
number="",
pages="1-97",
doi="10.1016/j.physrep.2018.10.005",
}

@Article{DongesCD2015,
author = "Donges, J. F. and Petrova, I. and Loew, A. and Marwan, N. and Kurths, J.",
title = "How complex climate networks complement eigen techniques for the statistical analysis of climatological data",
journal="Clim. Dyn.",
year="2015",
volume="45",
number="9",
pages="2407--2424",
doi="10.1007/s00382-015-2479-3",
}

@ARTICLE{Donges2009b,
Author = {J. F. Donges and Y. Zou and N. Marwan and J. Kurths},
Title = {The backbone of the climate network},
Journal = {Europhys. Lett.},
Year = {2009},
Volume = {87},
Number = {4},
Pages = {48007},
}

@article{Tsonis2004,
journal = "Physica A",
volume = "333",
number = "",
pages = "497 - 504",
author = {Tsonis, A A and Roebber, Paul J},
title = {The architecture of the climate network},
year = {2004}
}
@article{TsonisPRL2008,
  title = {Topology and Predictability of El Ni\~no and La Ni\~na Networks},
  author = {Tsonis, A. A. and Swanson, K. L.},
  journal = {Phys. Rev. Lett.},
  volume = {100},
  issue = {22},
  pages = {228502},
  numpages = {4},
  year = {2008},
  doi = {10.1103/PhysRevLett.100.228502},
}


@article{Rybski2003,
title = "Phase synchronization in temperature and precipitation records",
journal = "Physica A",
volume = "320",
pages = "601 - 610",
year = "2003",
issn = "0378-4371",
doi = "https://doi.org/10.1016/S0378-4371(02)01509-1",
author = "D. Rybski and S. Havlin and A. Bunde",
}

@article{LiPRE2018,
  title = {Causal inference in nonlinear systems: Granger causality versus time-delayed mutual information},
  author = {Li, S. T. and Xiao, Y. Y. and Zhou, D. and Cai, D.},
  journal = {Phys. Rev. E},
  volume = {97},
  issue = {5},
  pages = {052216},
  numpages = {9},
  year = {2018},  doi = {10.1103/PhysRevE.97.052216},
  url = {https://link.aps.org/doi/10.1103/PhysRevE.97.052216}
}


@article{Masoller2015,
author = {Masoller, C. and Hong, Y. H. and Ayad, S. and Gustave, F. and Barland, S. and Pons, A. J and G{\'{o}}mez, S. and Arenas, A.},
doi = {10.1088/1367-2630/17/2/023068},
issn = {1367-2630},
journal = {New J. Phys.},
number = {2},
pages = {023068},
title = {{Quantifying sudden changes in dynamical systems using symbolic networks}},
volume = {17},
year = {2015}
}

@article{BoccalettiPR2002,
title = "The synchronization of chaotic systems",
journal = "Physics Reports",
volume = "366",
number = "1",
pages = "1 - 101",
year = "2002",
doi = "https://doi.org/10.1016/S0370-1573(02)00137-0",
author = "S. Boccaletti and J. Kurths and G. Osipov and D.L. Valladares and C.S. Zhou"
}

@article{PecoraChaos2015,
author = {Louis M. Pecora and Thomas L. Carroll},
title = {Synchronization of chaotic systems},
journal = {Chaos},
volume = {25},
number = {9},
pages = {097611},
year = {2015},
doi = {10.1063/1.4917383},
}

@article{BoccalettiPRE2000,
  title = {Synchronization of chaotic structurally nonequivalent systems},
  author = {Boccaletti, S. and Valladares, D. L. and Kurths, J. and Maza, D. and Mancini, H.},
  journal = {Phys. Rev. E},
  volume = {61},
  issue = {4},
  pages = {3712--3715},
  numpages = {0},
  year = {2000},
  doi = {10.1103/PhysRevE.61.3712},
}


@article{yangPLA2007,
title = "Three types of generalized synchronization",
journal = "Phys. Lett. A",
volume = "361",
number = "4",
pages = "332 - 335",
year = "2007",
doi = "https://doi.org/10.1016/j.physleta.2006.09.104",
author = "Junzhong Yang and Gang Hu",
}

@article{RulkovPRE1995,
  title = {Generalized synchronization of chaos in directionally coupled chaotic systems},
  author = {Rulkov, Nikolai F. and Sushchik, Mikhail M. and Tsimring, Lev S. and Abarbanel, Henry D. I.},
  journal = {Phys. Rev. E},
  volume = {51},
  issue = {2},
  pages = {980--994},
  numpages = {0},
  year = {1995},
  doi = {10.1103/PhysRevE.51.980},
}


@article{AbarbanelPRE1996,
  title = {Generalized synchronization of chaos: The auxiliary system approach},
  author = {Abarbanel, Henry D. I. and Rulkov, Nikolai F. and Sushchik, Mikhail M.},
  journal = {Phys. Rev. E},
  volume = {53},
  issue = {5},
  pages = {4528--4535},
  numpages = {0},
  year = {1996},
  doi = {10.1103/PhysRevE.53.4528},
}


@article{rosenblum_pre2001,
author = {M. G. Rosenblum and A. S. Pikovsky},
collaboration = {},
title = {Detecting direction of coupling in interacting oscillators},
publisher = {APS},
year = {2001},
journal = {Phys. Rev. E},
volume = {64},
number = {4},
eid = {045202},
numpages = {4},
pages = {045202},
}

@Article{Nawrath_prl_2010,
  title = {Distinguishing Direct from Indirect Interactions in Oscillatory Networks with Multiple Time Scales},
  author = {Nawrath, Jakob  and Romano, M. Carmen and Thiel, Marco  and Kiss, Istv\'an Z. and Wickramasinghe, Mahesh  and Timmer, Jens  and Kurths, J\"urgen  and Schelter, Bj\"orn },
  journal = {Phys. Rev. Lett.},
  volume = {104},
  number = {3},
  pages = {038701},
  numpages = {4},
  year = {2010},
  doi = {10.1103/PhysRevLett.104.038701},
}


@article{RomanoPRE2007,
  title = {Estimation of the direction of the coupling by conditional probabilities of recurrence},
  author = {Romano, M. C. and Thiel, M. and Kurths, J. and Grebogi, C.},
  journal = {Phys. Rev. E},
  volume = {76},
  issue = {3},
  pages = {036211},
  numpages = {9},
  year = {2007},
  doi = {10.1103/PhysRevE.76.036211},
}

@article{politiPRL2017,
  title = {Quantifying the Dynamical Complexity of Chaotic Time Series},
  author = {Politi, A.},
  journal = {Phys. Rev. Lett.},
  volume = {118},
  issue = {14},
  pages = {144101},
  numpages = {5},
  year = {2017},
  doi = {10.1103/PhysRevLett.118.144101},
}

@Article{DonnerEPJB2011,
author="Donner, R. V. and Heitzig, J. and Donges, J. F. and Zou, Y. and Marwan, N. and Kurths, J.",
title="The geometry of chaotic dynamics --- a complex network perspective",
journal="Eur. Phys. J. B",
year="2011",
day="01",
volume="84",
number="4",
pages="653--672",
doi="10.1140/epjb/e2011-10899-1",
}

@article{yangPhA2008,
title = "Complex network-based time series analysis",
journal = "Physica A",
volume = "387",
number = "5",
pages = "1381 - 1386",
year = "2008",
doi = "https://doi.org/10.1016/j.physa.2007.10.055",
author = "Y. Yang and H. J. Yang",
}

@article{zhangPRL2006,
  title = {Complex Network from Pseudoperiodic Time Series: Topology versus Dynamics},
  author = {Zhang, J. and Small, M.},
  journal = {Phys. Rev. Lett.},
  volume = {96},
  issue = {23},
  pages = {238701},
  numpages = {4},
  year = {2006},
  doi = {10.1103/PhysRevLett.96.238701},
}

@article{RosenblumPRL1997,
  title = {From Phase to Lag Synchronization in Coupled Chaotic Oscillators},
  author = {Rosenblum, Michael G. and Pikovsky, Arkady S. and Kurths, J\"urgen},
  journal = {Phys. Rev. Lett.},
  volume = {78},
  issue = {22},
  pages = {4193--4196},
  numpages = {0},
  year = {1997},
  doi = {10.1103/PhysRevLett.78.4193},
}

@article{mamenPLA2004,
title = "Multivariate recurrence plots",
journal = "Phys. Lett. A",
volume = "330",
number = "3",
pages = "214 - 223",
year = "2004",
author = "M. C. Romano and M. Thiel and J. Kurths and W. von Bloh"
}

@article{zhengPRE2000,
  title = {Generalized synchronization versus phase synchronization},
  author = {Zheng, Zhigang and Hu, Gang},
  journal = {Phys. Rev. E},
  volume = {62},
  issue = {6},
  pages = {7882--7885},
  numpages = {0},
  year = {2000},
  doi = {10.1103/PhysRevE.62.7882},
}

@article{zhangSciRep2017,
author ={Zhang, J. Y.  and Zhou, J. and Tang, M. and Guo, H. and Small, M. and Zou, Y.},
year    ={2017},
title      ={Constructing ordinal partition transition networks from multivariate time series},
journal ={Scientific Reports},
pages  ={7795},
volume = {7},
issue    ={1},
DOI     ={10.1038/s41598-017-08245-x},
}

@article{Barabasi_rmp2002,
  title = {Statistical mechanics of complex networks},
  author = {Albert, R. and Barab\'asi, A.-L.},
  journal = {Rev. Mod. Phys.},
  volume = {74},
  issue = {1},
  pages = {47--97},
  year = {2002},
  doi = {10.1103/RevModPhys.74.47},
}

@article{gaoChaos2017,
author = {Z.-K. Gao and W.-D. Dang and Y.-X. Yang and Q. Cai},
title = {Multiplex multivariate recurrence network from multi-channel signals for revealing oil-water spatial flow behavior},
journal = {Chaos},
volume = {27},
number = {3},
pages = {035809},
year = {2017},
doi = {10.1063/1.4977950},
}

@article{GelbrechtChaos2017,
author = {M. Gelbrecht and N. Boers and J. Kurths},
title = {A complex network representation of wind flows},
journal = {Chaos},
volume = {27},
number = {3},
pages = {035808},
year = {2017},
doi = {10.1063/1.4977699},
}


@article{BarreiroChaos2011,
author = {M. Barreiro and A. C. Marti and C. Masoller},
title = {Inferring long memory processes in the climate network via ordinal pattern analysis},
journal = {Chaos},
volume = {21},
number = {1},
pages = {013101},
year = {2011},
doi = {10.1063/1.3545273},
}

@article{FukinoChaos2016,
author = {M. Fukino and Y. Hirata and K. Aihara},
title = {Coarse-graining time series data: Recurrence plot of recurrence plots and its application for music},
journal = {Chaos},
volume = {26},
number = {2},
pages = {023116},
year = {2016},
doi = {10.1063/1.4941371},
}


@article{CzechowskiChaos2016,
author = {Z. Czechowski and M. Lovallo and L. Telesca},
title = {Multifractal analysis of visibility graph-based Ito-related connectivity time series},
journal = {Chaos},
volume = {26},
number = {2},
pages = {023118},
year = {2016},
doi = {10.1063/1.4942582},
}


@article{SnarskiiPRE2016,
  title = {Phase transition in the parametric natural visibility graph},
  author = {Snarskii, A. A. and Bezsudnov, I. V.},
  journal = {Phys. Rev. E},
  volume = {94},
  issue = {4},
  pages = {042137},
  numpages = {8},
  year = {2016},
  month = {Oct},
  doi = {10.1103/PhysRevE.94.042137},
}

@article{GaoChaos2016,
author = {Z.-K. Gao and Y.-X. Yang and Q. Cai and S.-S. Zhang and N.-D. Jin},
title = {Multivariate weighted recurrence network inference for uncovering oil-water transitional flow behavior in a vertical pipe},
journal = {Chaos},
volume = {26},
number = {6},
pages = {063117},
year = {2016},
doi = {10.1063/1.4954271},
}

@article{PompePRE2011,
  title = {Momentary information transfer as a coupling measure of time series},
  author = {Pompe, B. and Runge, J.},
  journal = {Phys. Rev. E},
  volume = {83},
  issue = {5},
  pages = {051122},
  numpages = {12},
  year = {2011},
  doi = {10.1103/PhysRevE.83.051122},
}
@article{ZaninChaos2008,
author = {M. Zanin},
title = {Forbidden patterns in financial time series},
journal = {Chaos},
volume = {18},
number = {1},
pages = {013119},
year = {2008},
doi = {10.1063/1.2841197},
}

@article {AmigoPTRSA2014,
        author = {Amig{\'o}, J.. and Keller, K. and Unakafova, V. A.},
        title = {Ordinal symbolic analysis and its application to biomedical recordings},
        volume = {373},
        number = {2034},
        pages  = {20140091}, 
        year = {2014},
        doi = {10.1098/rsta.2014.0091},
        journal = {Phil. Trans. R. Soc. A}
}


@Article{RossoEPJB2012,
author="Rosso, O. A. and Carpi, L. C. and Saco, P. M. and Ravetti, M. G. and Larrondo, H. A. and Plastino, A.",
title="The {A}mig{\'o} paradigm of forbidden/missing patterns: a detailed analysis",
journal="Eur. Phys. J. B",
year="2012",
volume="85",
number="12",
pages="419",
doi="10.1140/epjb/e2012-30307-8",
}

@article{RossoPhyA2012,
title = {Causality and the entropy-complexity plane: {R}obustness and missing ordinal patterns},
journal = "Physica A",
volume = "391",
number = "1?2",
pages = "42 - 55",
year = "2012",
doi = "http://dx.doi.org/10.1016/j.physa.2011.07.030",
author = "O. A. Rosso and L. C. Carpi and P. M. Saco and M. G. Ravetti and A. Plastino and H. A. Larrondo",
}

@article{AmigoPhsD2008,
title = "Forbidden ordinal patterns in higher dimensional dynamics",
journal = "Physica D",
volume = "237",
number = "22",
pages = "2893 - 2899",
year = "2008",
doi = "http://dx.doi.org/10.1016/j.physd.2008.05.003",
author = "J. M. Amig\'o and M. B. Kennel",
}

@article{AmigoEPL2008,
  author={J. M. Amig\'o and S. Zambrano and M. A. F. Sanju\'an},
  title={Combinatorial detection of determinism in noisy time series},
  journal={Europhys. Lett.},
  volume={83},
  number={6},
  pages={60005},
  year={2008},
  doi = {https://doi.org/10.1209/0295-5075/83/60005},
}

@article{AmigoEPL2007,
  author={J. M. Amig\'o and S. Zambrano and M. A. F. Sanju\'an},
  title={True and false forbidden patterns in deterministic and random dynamics},
  journal={Europhys. Lett.},
  volume={79},
  number={5},
  pages={50001},
  year={2007},
  doi = {https://doi.org/10.1209/0295-5075/79/50001},
}

@article{ErogluNComm2016, 
author  = {Eroglu, D. and McRobie, F. H. and Ozken, I. and Stemler, T. and Wyrwoll, K.-H. and Breitenbach, S. F. M. and Marwan, N. and Kurths, J.},
title      = {See-saw relationship of the {H}olocene {E}ast {A}sian-{A}ustralian summer monsoon},
journal  = {Nat. Commun.}, 
year      = {2016}, 
volume = {7}, 
pages   = {12929},
doi        ={10.1038/ncomms12929}, 
}

@article{SakellariouChaos2016,
author = {K. Sakellariou and M. McCullough and T. Stemler and M. Small},
title = {{Counting forbidden patterns in irregularly sampled time series. II. Reliability in the presence of highly irregular sampling}},
journal = {Chaos},
volume = {26},
number = {12},
pages = {123104},
year = {2016},
doi = {10.1063/1.4970483},
}

@article{McCulloughChaos2016,
author = {M. McCullough and K. Sakellariou and T. Stemler and M. Small},
title = {{Counting forbidden patterns in irregularly sampled time series. I.} The effects of under-sampling, random depletion, and timing jitter},
journal = {Chaos},
volume = {26},
number = {12},
pages = {123103},
year = {2016},
doi = {10.1063/1.4968551},
}


@article{JiangChaos2017,
author = {W. Jiang and B. Y. Wei and Y. C. Tang and D. Y. Zhou},
title = {Ordered visibility graph average aggregation operator: An application in produced water management},
journal = {Chaos},
volume = {27},
number = {2},
pages = {023117},
year = {2017},
doi = {10.1063/1.4977186},
}

@article{KulpChaos2014,
author = {C. W. Kulp and L. Zunino},
title = {Discriminating chaotic and stochastic dynamics through the permutation spectrum test},
journal = {Chaos},
volume = {24},
number = {3},
pages = {033116},
year = {2014},
doi = {10.1063/1.4891179},
}


@article{KulpChaos2016,
author = {C. W. Kulp and J. M. Chobot and H. R. Freitas and G. D. Sprechini},
title = {Using ordinal partition transition networks to analyze ECG data},
journal = {Chaos},
volume = {26},
number = {7},
pages = {073114},
year = {2016},
doi = {10.1063/1.4959537},
}

@article{KulpChaos2016b,
author = {C. W. Kulp and J. M. Chobot and B. J. Niskala and C. J. Needhammer},
title = {Using forbidden ordinal patterns to detect determinism in irregularly sampled time series},
journal = {Chaos},
volume = {26},
number = {2},
pages = {023107},
year = {2016},
doi = {10.1063/1.4941674},
}


@article{MichaelChaos2015,
author = {M. McCullough and M. Small and T. Stemler and H. H.-C. Iu},
title = {Time lagged ordinal partition networks for capturing dynamics of continuous dynamical systems},
journal = {Chaos},
volume = {25},
number = {5},
pages = {053101},
year = {2015},
doi = {10.1063/1.4919075},
}


@article{Donner2010NJP,
	Author = {R. V. Donner and Y. Zou and J. F. Donges and N. Marwan and J. Kurths},
	Doi = {10.1088/1367-2630/12/3/033025},
	Journal = {New J. Phys.},
	Number = {3},
	Pages = {033025},
	Title = {Recurrence networks -- {A} novel paradigm for nonlinear time series analysis},
	Volume = {12},
	Year = {2010},
}

@article{marwan2007,
	Author = {N. Marwan and M. C. Romano and M. Thiel and J. Kurths},
	Journal = {Phys. Rep.},
	Number = {5--6},
	Pages = {237--329},
	Title = {Recurrence plots for the analysis of complex systems},
	Volume = {438},
	Year = {2007},
	doi = {10.1016/j.physrep.2006.11.001},
}

@article{Donges2011PNAS,
	Author = {J. F. Donges and R. V. Donner and M. H. Trauth and N. Marwan and H. J. Schellnhuber and J. Kurths},
	Journal = {Proc. Natl. Acad. Sci. USA},
	Pages = {20422--20427},
	Title = {Nonlinear detection of paleoclimate-variability transitions possibly related to human evolution},
	Volume = {108},
	Year = {2011},
	doi={10.1073/pnas.1117052108 },
	}


@article{Donges2012PRE,
	Author = {J. F. Donges and J. Heitzig and R. V. Donner and J. Kurths},
	Journal = {Phys. Rev. E},
	Pages = {046105},
	Title = {Analytical framework for recurrence network analysis of time series},
	Volume = {85},
	Year = {2012},
	doi = {10.1103/PhysRevE.85.046105},
	}

@article{Donner2011IJBC,
	Author = {R. V. Donner and M. Small and J. F. Donges and N. Marwan and Y. Zou and R. Xiang and J. Kurths},
	Doi = {10.1142/S0218127411029021},
	Journal = {Int. J. Bifurcation Chaos},
	Number = {4},
	Pages = {1019--1046},
	Title = {Recurrence-based time series analysis by means of complex network methods},
	Volume = {21},
	Year = {2011},
	}


@article{ZhangCNSNS2017,
title = "Visibility graph analysis for re-sampled time series from auto-regressive stochastic processes ",
journal = "Commun. Nonlinear Sci. Numer. Simulat.",
volume = "42",
number = "",
pages = "396 - 403",
year = "2017",
doi = "http://dx.doi.org/10.1016/j.cnsns.2016.04.031",
author = "R. Zhang and Y. Zou and J. Zhou and Z.-K. Gao and S. G. Guan",
}


@article{PRELacasa2010,
  title = {Description of stochastic and chaotic series using visibility graphs},
  author = {Lacasa, L. and Toral, R.},
  journal = {Phys. Rev. E},
  volume = {82},
  issue = {3},
  pages = {036120},
  numpages = {11},
  year = {2010},
  doi = {10.1103/PhysRevE.82.036120},
}

@article{zouNPG2014,
  title={Long-term changes in the north-south asymmetry of solar activity: a nonlinear dynamics characterization using visibility graphs},
  author={Zou, Y. and Donner, R. and Marwan, N. and Small, M. and Kurths, J.},
  journal={Nonlin. Proc. Geophys.},
  volume={21},
  number={6},
  pages={1113--1126},
  year={2014},
  publisher={Published by the American Physical Society through the American Institute of Physics}, 
  doi ={10.5194/npg-21-1113-2014}, 
}

@article{zouPRE2015,
  title = {Analyzing long-term correlated stochastic processes by means of recurrence networks: Potentials and pitfalls},
  author = {Zou, Y. and Donner, R. V. and Kurths, J.},
  journal = {Phys. Rev. E},
  volume = {91},
  issue = {2},
  pages = {022926},
  numpages = {8},
  year = {2015},
  doi = {10.1103/PhysRevE.91.022926},
}

@article{zouNJP2014,
  author={Y. Zou and M. Small and Z. H. Liu and J. Kurths},
  title={Complex network approach to characterize the statistical features of the sunspot series},
  journal={New J. Phys.},
  volume={16},
  number={1},
  pages={013051},
  year={2014},
  doi ={10.1088/1367-2630/16/1/013051},
}

@article{Witt_Geophy2013,
year={2013},
issn={0169-3298},
journal={Surveys in Geophysics},
volume={34},
number={5},
doi={10.1007/s10712-012-9217-8},
title={Quantification of Long-Range Persistence in Geophysical Time Series: Conventional and Benchmark-Based Improvement Techniques},
author={Witt, A. and Malamud, B. D.},
pages={541-651},
}


@article{Liu2009,
author = {C. Liu and W.-X. Zhou and W.-K. Yuan},
title = {Statistical properties of visibility graph of energy dissipation rates in three-dimensional fully developed turbulence },
year = {2010},
journal = {Physica A},
volume = {389},
number = {13},
pages = {2675-2681},
doi = {10.1016/j.physa.2010.02.043},
}



@article{Yang2009,
Author = {Yang, Y. and Wang, J. and Yang, H. and Mang, J.},
Title = {Visibility graph approach to exchange rate series},
Journal = {Physica A},
Year = {2009},
Volume = {388},
Number = {20},
Pages = {4431-4437},
DOI = {10.1016/j.physa.2009.07.016},
}

@article{Zou2012bChaos,
author = {Zou, Y. and Donner, R. V. and Wickramasinghe, M. and Kiss, I. Z. and Small, M. and Kurths, J.},
title = {Phase coherence and attractor geometry of chaotic electrochemical oscillators},
year = {2012},
journal = {Chaos},
volume = {22},
number = {3},
eid = {033130},
pages = {033130},
doi={10.1063/1.4747707},
}

@article{NawrathPRL2010,
  title = {Distinguishing Direct from Indirect Interactions in Oscillatory Networks with Multiple Time Scales},
  author = {Nawrath, J. and Romano, M. C. and Thiel, M. and Kiss, I. Z. and Wickramasinghe, M. and Timmer, J. and Kurths, J. and Schelter, B.},
  journal = {Phys. Rev. Lett.},
  volume = {104},
  issue = {3},
  pages = {038701},
  numpages = {4},
  year = {2010},
  doi = {10.1103/PhysRevLett.104.038701},
}

@article{zouIJBC2011,
author = {Y. Zou and M. C. Romano and M. Thiel and N. Marwan and J. Kurths},
title = {Inferring indirect coupling by means of recurrences},
journal = {Int. J. Bifurcation Chaos},
volume = {21},
number = {04},
pages = {1099-1111},
year = {2011},
doi = {10.1142/S0218127411029033},
}

@article{PigolottiPRL2009,
  title = {Symbolic Dynamics of Biological Feedback Networks},
  author = {Pigolotti, S. and Krishna, S. and Jensen, M. H.},
  journal = {Phys. Rev. Lett.},
  volume = {102},
  issue = {8},
  pages = {088701},
  numpages = {4},
  year = {2009},
  doi = {10.1103/PhysRevLett.102.088701},
}



@article{Osipov2003,
  title = {Three Types of Transitions to Phase Synchronization in Coupled Chaotic Oscillators},
  author = {Osipov, G. V. and Hu, Bambi  and Zhou, C. S.  and Ivanchenko, M. V. and Kurths, J. },
  journal = {Phys. Rev. Lett.},
  volume = {91},
  number = {2},
  pages = {024101},
  numpages = {4},
  year = {2003},
  doi = {10.1103/PhysRevLett.91.024101},
  publisher = {American Physical Society},
}


@book{Pikovsky_Kurths_synchr,
 author   = {A. Pikovsky and M. Rosenblum and J. Kurths},
 title    = {Synchronization -- A Universal  Concept in Nonlinear Sciences},
 publisher= {Cambridge University Press},
 year     = {2001},
}


@article{zouChaos2012,
author = {Y. Zou and R. V. Donner and J. Kurths},
title = {Geometric and dynamic perspectives on phase-coherent and noncoherent chaos},
journal = {Chaos},
volume = {22},
number = {1},
pages = {013115},
year = {2012},
doi = {10.1063/1.3677367},
}


@article{grothPRE2005,
      author = {A. Groth},
       title = {Visualization of coupling in time series by order recurrence plots},
     journal = {Phys. Rev. E},
        year = {2005},
      volume = {72},
      number = {4},
       pages = {046220},
         doi = {10.1103/PhysRevE.72.046220},
}

@article{BandtPRL2002,
   author = {{Bandt}, C. and {Pompe}, B.},
    title = {Permutation Entropy: A Natural Complexity Measure for Time Series},
  journal = {Phys. Rev. Lett.},
     year = 2002,
   volume = 88,
   number = 17,
    pages = {174102},
      doi = {10.1103/PhysRevLett.88.174102},
}

@article{wengSR2017,
    author = {Weng, T. F. and Zhang, J. and Small, M. and Zheng, R. and Hui, P.},
    doi = {10.1038/srep41951},
    journal = {Scientific Reports},
    pages = {41951},
    title = {{Memory and betweenness preference in temporal networks induced from time series}},
    volume = {7},
    year = {2017},
}

@article{zhaoPRE2014,
  title = {Geometrical invariability of transformation between a time series and a complex network},
  author = {Zhao, Y. and Weng, T. F.  and Ye, S. K.},
  journal = {Phys. Rev. E},
  volume = {90},
  issue = {1},
  pages = {012804},
  year = {2014},
  doi = {10.1103/PhysRevE.90.012804},
}

@article{gaoPRE2014,
  title = {Transmission of linear regression patterns between time series: From relationship in time series to complex networks},
  author = {Gao, X. Y. and An, H. Z. and Fang, W. and Huang, X. and Li, H. J. and Zhong, W. Q. and Ding, Y. H.},
  journal = {Phys. Rev. E},
  volume = {90},
  pages = {012818},
  year = {2014},
  doi = {10.1103/PhysRevE.90.012818},
}

@Article{ParlitzSPJST2013,
author="Parlitz, U. and Suetani, H. and Luther, S.",
title="Identification of equivalent dynamics using ordinal pattern distributions",
journal="Eur. Phys. J. S.T.",
year="2013",
volume="222",
number="2",
pages="553--568",
doi="10.1140/epjst/e2013-01859-2",
}

@incollection{Takens1981,
	year = {1981},
	publisher = {Springer, New York},
	author = {F. Takens},
	title = {{Detecting strange attractors in turbulence}},
	series = {Lecture Notes in Mathematics},
	volume = {898},
	booktitle = {Dynamical Systems and Turbulence, Warwick 1980},
	editor = {D.A. Rand and L.-S. Young},
	pages = {366--381},
	doi = {10.1007/BFb0091924},
}


@BOOK{Kantz97,
 author   = {H. Kantz and T. Schreiber},
 title    = {Nonlinear Time Series Analysis},
 year     = {2004},
 publisher={Cambridge University Press, Cambridge},
 edition  = {Second},
 }
