@article{Martinez2018,
author = {Mart√≠nez,J. H.  and Herrera-Diestra,J. L.  and Chavez,M. },
title = {Detection of time reversibility in time series by ordinal patterns analysis},journal = {Chaos},
volume = {28},
number = {12},
pages = {123111},
year = {2018},
doi = {10.1063/1.5055855},
}
